<record><leader>00000cas a2200000Ma 4500</leader><controlfield tag="001">849803303</controlfield><controlfield tag="006">m     o  d        </controlfield><controlfield tag="007">cr |n|||||||||</controlfield><controlfield tag="008">840829d18631911inuwr neo     0    0eng d</controlfield><datafield ind1=" " ind2=" " tag="010"><subfield code="a">sn 84023969 </subfield></datafield><datafield ind1=" " ind2=" " tag="040"><subfield code="a">SYB</subfield><subfield code="b">eng</subfield><subfield code="c">SYB</subfield><subfield code="d">OCLCF</subfield><subfield code="d">OCLCQ</subfield><subfield code="d">VT2</subfield></datafield><datafield ind1="8" ind2=" " tag="024"><subfield code="a">ssj0000492025</subfield></datafield><datafield ind1=" " ind2=" " tag="090"><subfield code="a">ELECTRONIC</subfield></datafield><datafield ind1="0" ind2="0" tag="245"><subfield code="a">Kendallville standard.</subfield></datafield><datafield ind1=" " ind2=" " tag="260"><subfield code="a">Kendallville, Ind. :</subfield><subfield code="b">C.O. Myers</subfield></datafield><datafield ind1=" " ind2=" " tag="310"><subfield code="a">Weekly</subfield></datafield><datafield ind1=" " ind2=" " tag="336"><subfield code="a">text</subfield><subfield code="b">txt</subfield><subfield code="2">rdacontent</subfield></datafield><datafield ind1=" " ind2=" " tag="337"><subfield code="a">computer</subfield><subfield code="b">c</subfield><subfield code="2">rdamedia</subfield></datafield><datafield ind1=" " ind2=" " tag="338"><subfield code="a">online resource</subfield><subfield code="b">cr</subfield><subfield code="2">rdacarrier</subfield></datafield><datafield ind1="1" ind2=" " tag="362"><subfield code="a">Began in June 1863; ceased in 1911.</subfield></datafield><datafield ind1=" " ind2=" " tag="580"><subfield code="a">Also published in a daily ed. called: Kendallville daily sun.</subfield></datafield><datafield ind1="0" ind2=" " tag="588"><subfield code="a">Vol. 3, no. 26 (Nov. 28, 1865).</subfield></datafield><datafield ind1=" " ind2="0" tag="655"><subfield code="a">Electronic journals.</subfield></datafield><datafield ind1=" " ind2="7" tag="655"><subfield code="a">Periodicals.</subfield><subfield code="2">fast</subfield><subfield code="0">(OCoLC)fst01411641</subfield></datafield><datafield ind1=" " ind2=" " tag="752"><subfield code="a">United States</subfield><subfield code="b">Indiana</subfield><subfield code="c">Noble</subfield><subfield code="d">Kendallville.</subfield></datafield><datafield ind1="1" ind2=" " tag="775"><subfield code="t">Kendallville daily sun</subfield><subfield code="w">(DLC)sn 87056634</subfield></datafield><datafield ind1="0" ind2="0" tag="780"><subfield code="t">Grange union</subfield><subfield code="w">(DLC)sn 87055655</subfield></datafield><datafield ind1="0" ind2="5" tag="780"><subfield code="t">Noble County journal</subfield><subfield code="g">1870</subfield><subfield code="w">(DLC)sn 84023970</subfield></datafield><datafield ind1="0" ind2="7" tag="785"><subfield code="t">Kendallville news (Kendallville, Ind. : 1877)</subfield><subfield code="w">(DLC)sn 86063080</subfield></datafield><datafield ind1="0" ind2="7" tag="785"><subfield code="t">Kendallville standard-news</subfield><subfield code="w">(DLC)sn 89099035</subfield></datafield><datafield ind1="4" ind2="0" tag="856"><subfield code="z">Full text available from Google News Archive: 07/02/1873 to 06/20/2008</subfield><subfield code="u">http://news.google.com/newspapers?nid=XOE35tnTnDYC</subfield><subfield code="x">serx</subfield></datafield></record>